<record><leader>00000cas a22000007a 4500</leader><controlfield tag="001">20764948</controlfield><controlfield tag="008">891211d183618uuohuwr ne      0    0eng d</controlfield><datafield ind1=" " ind2=" " tag="010"><subfield code="a">sn 89075206 </subfield></datafield><datafield ind1=" " ind2=" " tag="040"><subfield code="a">ONP</subfield><subfield code="b">eng</subfield><subfield code="c">ONP</subfield><subfield code="d">OCLCQ</subfield></datafield><datafield ind1=" " ind2=" " tag="042"><subfield code="a">msc</subfield></datafield><datafield ind1="0" ind2="4" tag="245"><subfield code="a">The Tiffin gazette and Seneca advertiser.</subfield></datafield><datafield ind1=" " ind2=" " tag="260"><subfield code="a">Tiffin, Ohio :</subfield><subfield code="b">Josiah F. Reed</subfield></datafield><datafield ind1=" " ind2=" " tag="300"><subfield code="a">v.</subfield></datafield><datafield ind1=" " ind2=" " tag="310"><subfield code="a">Weekly</subfield></datafield><datafield ind1="1" ind2=" " tag="362"><subfield code="a">Began in 1836?</subfield></datafield><datafield ind1=" " ind2=" " tag="588"><subfield code="a">Description based on: Vol. 1, no. 19 (Apr. 16, 1836).</subfield></datafield><datafield ind1=" " ind2=" " tag="752"><subfield code="a">United States</subfield><subfield code="b">Ohio</subfield><subfield code="c">Seneca</subfield><subfield code="d">Tiffin.</subfield></datafield><datafield ind1="0" ind2="0" tag="780"><subfield code="t">Independent chronicle and Seneca advertiser</subfield><subfield code="w">(DLC)sn 85026274</subfield></datafield><datafield ind1="0" ind2="0" tag="785"><subfield code="t">Tiffin gazette</subfield><subfield code="w">(DLC)sn 85042753</subfield></datafield></record>